@article{Driscoll2016,
author = {Driscoll, Heather and Hart, John and Allen, Tom},
year = {2016},
month = {12},
pages = {884-889},
title = {Use of Image Based Sports Case Studies for Teaching Mechanics},
volume = {147},
journal = {Procedia Engineering},
doi = {10.1016/j.proeng.2016.06.284},
url = {https://www.researchgate.net/figure/Stroboscopic-image-of-a-ball-bounce-image-courtesy-of-Professor-Andrew-Davidhazy_fig1_305080708/download},
note = {Достъпено на 3 окт 2022}
}